@misc{tbray,
    author    = "Tim Bray",
    title     = "Issues of web frontends",
    url       = "http://www.tbray.org/talks/php.de.pdf"
}
